@TECHREPORT{Havemann05generativemesh,
    author = {Sven Havemann and Dieter W. Fellner},
    title = {Generative mesh modeling},
    institution = {},
    year = {2005}
}